@book{mac2013categories,
  title={Categories for the working mathematician},
  author={Mac Lane, Saunders},
  volume={5},
  year={2013},
  publisher={Springer Science \& Business Media}
}

@book{maclane2012sheaves,
  title={Sheaves in geometry and logic: A first introduction to topos theory},
  author={MacLane, Saunders and Moerdijk, Ieke},
  year={2012},
  publisher={Springer Science \& Business Media}
}


@mastersthesis{Merino2002,
  author       = {Merino Sánchez, Adriana},
  title        = {Locales, gavillas y morfismos ultrafinitos},
  school       = {Universidad Nacional Autónoma de México},
  year         = {2002},
  type         = {Tesis de Licenciatura},
  address      = {México},
  note         = {Recuperado de \url{https://repositorio.unam.mx/contenidos/117029}}
}

@book{tennison1975sheaf,
  title={Sheaf theory},
  author={Tennison, Barry R},
  volume={21},
  year={1975},
  publisher={Cambridge University Press}
}